@Manual{R-base,
  title = {R: A Language and Environment for Statistical Computing},
  author = {{R Core Team}},
  organization = {R Foundation for Statistical Computing},
  address = {Vienna, Austria},
  year = {2020},
  url = {https://www.R-project.org/},
}

@Manual{R-bookdown,
  title = {bookdown: Authoring Books and Technical Documents with R Markdown},
  author = {Yihui Xie},
  year = {2020},
  note = {R package version 0.21},
  url = {https://github.com/rstudio/bookdown},
}

@Manual{R-broom,
  title = {broom: Convert Statistical Objects into Tidy Tibbles},
  author = {David Robinson and Alex Hayes and Simon Couch},
  year = {2020},
  note = {R package version 0.7.2},
  url = {https://CRAN.R-project.org/package=broom},
}

@Manual{R-car,
  title = {car: Companion to Applied Regression},
  author = {John Fox and Sanford Weisberg and Brad Price},
  year = {2020},
  note = {R package version 3.0-10},
  url = {https://CRAN.R-project.org/package=car},
}

@Manual{R-carData,
  title = {carData: Companion to Applied Regression Data Sets},
  author = {John Fox and Sanford Weisberg and Brad Price},
  year = {2020},
  note = {R package version 3.0-4},
  url = {https://CRAN.R-project.org/package=carData},
}

@Manual{R-dplyr,
  title = {dplyr: A Grammar of Data Manipulation},
  author = {Hadley Wickham and Romain François and Lionel {
             Henry} and Kirill Müller},
  year = {2020},
  note = {R package version 1.0.2},
  url = {https://CRAN.R-project.org/package=dplyr},
}

@Manual{R-epiDisplay,
  title = {epiDisplay: Epidemiological Data Display Package},
  author = {Virasakdi Chongsuvivatwong},
  year = {2018},
  note = {R package version 3.5.0.1},
  url = {https://CRAN.R-project.org/package=epiDisplay},
}

@Manual{R-forcats,
  title = {forcats: Tools for Working with Categorical Variables (Factors)},
  author = {Hadley Wickham},
  year = {2020},
  note = {R package version 0.5.0},
  url = {https://CRAN.R-project.org/package=forcats},
}

@Manual{R-foreign,
  title = {foreign: Read Data Stored by Minitab, S, SAS, SPSS, Stata,
Systat, Weka, dBase, ...},
  author = {{R Core Team}},
  year = {2020},
  note = {R package version 0.8-80},
  url = {https://svn.r-project.org/R-packages/trunk/foreign},
}

@Manual{R-gapminder,
  title = {gapminder: Data from Gapminder},
  author = {Jennifer Bryan},
  year = {2017},
  note = {R package version 0.3.0},
  url = {https://CRAN.R-project.org/package=gapminder},
}

@Manual{R-ggplot2,
  title = {ggplot2: Create Elegant Data Visualisations Using the Grammar of Graphics},
  author = {Hadley Wickham and Winston Chang and Lionel Henry and Thomas Lin Pedersen and Kohske Takahashi and Claus Wilke and Kara Woo and Hiroaki Yutani and Dewey Dunnington},
  year = {2020},
  note = {R package version 3.3.2},
  url = {https://CRAN.R-project.org/package=ggplot2},
}

@Manual{R-ggpubr,
  title = {ggpubr: ggplot2 Based Publication Ready Plots},
  author = {Alboukadel Kassambara},
  year = {2020},
  note = {R package version 0.4.0},
  url = {https://rpkgs.datanovia.com/ggpubr/},
}

@Manual{R-here,
  title = {here: A Simpler Way to Find Your Files},
  author = {Kirill Müller},
  year = {2017},
  note = {R package version 0.1},
  url = {https://CRAN.R-project.org/package=here},
}

@Manual{R-HSAUR,
  title = {HSAUR: A Handbook of Statistical Analyses Using R (1st Edition)},
  author = {Brian S. Everitt and Torsten Hothorn},
  year = {2017},
  note = {R package version 1.3-9},
  url = {https://CRAN.R-project.org/package=HSAUR},
}

@Manual{R-knitr,
  title = {knitr: A General-Purpose Package for Dynamic Report Generation in R},
  author = {Yihui Xie},
  year = {2020},
  note = {R package version 1.30},
  url = {https://yihui.org/knitr/},
}

@Manual{R-lattice,
  title = {lattice: Trellis Graphics for R},
  author = {Deepayan Sarkar},
  year = {2020},
  note = {R package version 0.20-41},
  url = {http://lattice.r-forge.r-project.org/},
}

@Manual{R-LogisticDx,
  title = {LogisticDx: Diagnostic Tests for Models with a Binomial Response},
  author = {Chris Dardis},
  year = {2015},
  note = {R package version 0.2},
  url = {https://CRAN.R-project.org/package=LogisticDx},
}

@Manual{R-MASS,
  title = {MASS: Support Functions and Datasets for Venables and Ripley's MASS},
  author = {Brian Ripley},
  year = {2020},
  note = {R package version 7.3-53},
  url = {http://www.stats.ox.ac.uk/pub/MASS4/},
}

@Manual{R-nnet,
  title = {nnet: Feed-Forward Neural Networks and Multinomial Log-Linear Models},
  author = {Brian Ripley},
  year = {2020},
  note = {R package version 7.3-14},
  url = {http://www.stats.ox.ac.uk/pub/MASS4/},
}

@Manual{R-pec,
  title = {pec: Prediction Error Curves for Risk Prediction Models in Survival
Analysis},
  author = {Thomas A. Gerds},
  year = {2019},
  note = {R package version 2019.11.03},
  url = {https://CRAN.R-project.org/package=pec},
}

@Manual{R-prodlim,
  title = {prodlim: Product-Limit Estimation for Censored Event History Analysis},
  author = {Thomas A. Gerds},
  year = {2019},
  note = {R package version 2019.11.13},
  url = {https://CRAN.R-project.org/package=prodlim},
}

@Manual{R-purrr,
  title = {purrr: Functional Programming Tools},
  author = {Lionel Henry and Hadley Wickham},
  year = {2020},
  note = {R package version 0.3.4},
  url = {https://CRAN.R-project.org/package=purrr},
}

@Manual{R-readr,
  title = {readr: Read Rectangular Text Data},
  author = {Hadley Wickham and Jim Hester},
  year = {2020},
  note = {R package version 1.4.0},
  url = {https://CRAN.R-project.org/package=readr},
}

@Manual{R-rmarkdown,
  title = {rmarkdown: Dynamic Documents for R},
  author = {JJ Allaire and Yihui Xie and Jonathan McPherson and Javier Luraschi and Kevin Ushey and Aron Atkins and Hadley Wickham and Joe Cheng and Winston Chang and Richard Iannone},
  year = {2020},
  note = {R package version 2.5},
  url = {https://github.com/rstudio/rmarkdown},
}

@Manual{R-stringr,
  title = {stringr: Simple, Consistent Wrappers for Common String Operations},
  author = {Hadley Wickham},
  year = {2019},
  note = {R package version 1.4.0},
  url = {https://CRAN.R-project.org/package=stringr},
}

@Manual{R-survival,
  title = {survival: Survival Analysis},
  author = {Terry M Therneau},
  year = {2020},
  note = {R package version 3.2-7},
  url = {https://github.com/therneau/survival},
}

@Manual{R-survminer,
  title = {survminer: Drawing Survival Curves using ggplot2},
  author = {Alboukadel Kassambara and Marcin Kosinski and Przemyslaw Biecek},
  year = {2020},
  note = {R package version 0.4.8},
  url = {http://www.sthda.com/english/rpkgs/survminer/},
}

@Manual{R-tibble,
  title = {tibble: Simple Data Frames},
  author = {Kirill Müller and Hadley Wickham},
  year = {2020},
  note = {R package version 3.0.4},
  url = {https://CRAN.R-project.org/package=tibble},
}

@Manual{R-tidyr,
  title = {tidyr: Tidy Messy Data},
  author = {Hadley Wickham},
  year = {2020},
  note = {R package version 1.1.2},
  url = {https://CRAN.R-project.org/package=tidyr},
}

@Manual{R-tidyverse,
  title = {tidyverse: Easily Install and Load the Tidyverse},
  author = {Hadley Wickham},
  year = {2019},
  note = {R package version 1.3.0},
  url = {https://CRAN.R-project.org/package=tidyverse},
}

@Book{bookdown2016,
  title = {bookdown: Authoring Books and Technical Documents with {R} Markdown},
  author = {Yihui Xie},
  publisher = {Chapman and Hall/CRC},
  address = {Boca Raton, Florida},
  year = {2016},
  note = {ISBN 978-1138700109},
  url = {https://github.com/rstudio/bookdown},
}

@Book{car2019,
  title = {An {R} Companion to Applied Regression},
  edition = {Third},
  author = {John Fox and Sanford Weisberg},
  year = {2019},
  publisher = {Sage},
  address = {Thousand Oaks {CA}},
  url = {https://socialsciences.mcmaster.ca/jfox/Books/Companion/},
}

@Book{ggplot22016,
  author = {Hadley Wickham},
  title = {ggplot2: Elegant Graphics for Data Analysis},
  publisher = {Springer-Verlag New York},
  year = {2016},
  isbn = {978-3-319-24277-4},
  url = {https://ggplot2.tidyverse.org},
}

@Book{knitr2015,
  title = {Dynamic Documents with {R} and knitr},
  author = {Yihui Xie},
  publisher = {Chapman and Hall/CRC},
  address = {Boca Raton, Florida},
  year = {2015},
  edition = {2nd},
  note = {ISBN 978-1498716963},
  url = {https://yihui.org/knitr/},
}

@InCollection{knitr2014,
  booktitle = {Implementing Reproducible Computational Research},
  editor = {Victoria Stodden and Friedrich Leisch and Roger D. Peng},
  title = {knitr: A Comprehensive Tool for Reproducible Research in {R}},
  author = {Yihui Xie},
  publisher = {Chapman and Hall/CRC},
  year = {2014},
  note = {ISBN 978-1466561595},
  url = {http://www.crcpress.com/product/isbn/9781466561595},
}

@Book{lattice2008,
  title = {Lattice: Multivariate Data Visualization with R},
  author = {Deepayan Sarkar},
  publisher = {Springer},
  address = {New York},
  year = {2008},
  note = {ISBN 978-0-387-75968-5},
  url = {http://lmdvr.r-forge.r-project.org},
}

@Book{MASS2002,
  title = {Modern Applied Statistics with S},
  author = {W. N. Venables and B. D. Ripley},
  publisher = {Springer},
  edition = {Fourth},
  address = {New York},
  year = {2002},
  note = {ISBN 0-387-95457-0},
  url = {http://www.stats.ox.ac.uk/pub/MASS4/},
}

@Book{nnet2002,
  title = {Modern Applied Statistics with S},
  author = {W. N. Venables and B. D. Ripley},
  publisher = {Springer},
  edition = {Fourth},
  address = {New York},
  year = {2002},
  note = {ISBN 0-387-95457-0},
  url = {http://www.stats.ox.ac.uk/pub/MASS4},
}

@Article{pec2012,
  title = {Evaluating Random Forests for Survival Analysis Using
Prediction Error Curves},
  author = {Ulla B. Mogensen and Hemant Ishwaran and Thomas A. Gerds},
  journal = {Journal of Statistical Software},
  year = {2012},
  volume = {50},
  number = {11},
  pages = {1--23},
  url = {http://www.jstatsoft.org/v50/i11/},
}

@Book{rmarkdown2018,
  title = {R Markdown: The Definitive Guide},
  author = {Yihui Xie and J.J. Allaire and Garrett Grolemund},
  publisher = {Chapman and Hall/CRC},
  address = {Boca Raton, Florida},
  year = {2018},
  note = {ISBN 9781138359338},
  url = {https://bookdown.org/yihui/rmarkdown},
}

@Book{rmarkdown2020,
  title = {R Markdown Cookbook},
  author = {Yihui Xie and Christophe Dervieux and Emily Riederer},
  publisher = {Chapman and Hall/CRC},
  address = {Boca Raton, Florida},
  year = {2020},
  note = {ISBN 9780367563837},
  url = {https://bookdown.org/yihui/rmarkdown-cookbook},
}

@Book{survival-book,
  title = {Modeling Survival Data: Extending the {C}ox Model},
  author = {{Terry M. Therneau} and {Patricia M. Grambsch}},
  year = {2000},
  publisher = {Springer},
  address = {New York},
  isbn = {0-387-98784-3},
}

@Article{tidyverse2019,
  title = {Welcome to the {tidyverse}},
  author = {Hadley Wickham and Mara Averick and Jennifer Bryan and Winston Chang and Lucy D'Agostino McGowan and Romain François and Garrett Grolemund and Alex Hayes and Lionel Henry and Jim Hester and Max Kuhn and Thomas Lin Pedersen and Evan Miller and Stephan Milton Bache and Kirill Müller and Jeroen Ooms and David Robinson and Dana Paige Seidel and Vitalie Spinu and Kohske Takahashi and Davis Vaughan and Claus Wilke and Kara Woo and Hiroaki Yutani},
  year = {2019},
  journal = {Journal of Open Source Software},
  volume = {4},
  number = {43},
  pages = {1686},
  doi = {10.21105/joss.01686},
}

